<?xml version="1.0" encoding="UTF-8"?><collection xmlns="http://www.loc.gov/MARC21/slim"><record><leader>00366nam--2200133-i-4500</leader><controlfield tag="001">000020462</controlfield><controlfield tag="002">20161230</controlfield><controlfield tag="005">20161230201033</controlfield><controlfield tag="008">060222s1000------------r-----000-0-eng-d</controlfield><datafield ind1=" " ind2=" " tag="080"><subfield code="a">530.145.6(043)</subfield></datafield><datafield ind1=" " ind2=" " tag="100"><subfield code="a">Emch,Gerard</subfield></datafield><datafield ind1=" " ind2=" " tag="245"><subfield code="a">Mecanique quantique quaternimianne et relativite restreinte. these</subfield></datafield><datafield ind1=" " ind2=" " tag="260"><subfield code="a">Geneve, Universite, 1963. /740-788/P</subfield></datafield><datafield ind1=" " ind2=" " tag="852"><subfield code="a">77041</subfield></datafield></record></collection>